101 031300012 2313801042504130010B094101Federal Reserve Bank   My Bank Name           12345678
5225Name on Account                     231380104 CCDVndr Pay        190816   1031300010000001
627231380104744-5678-99      0000500000location #1234 Best Co. #1           S 0031300010000001
627231380104744-5678-99      0000000125Fee #1         Best Co. #1           S 0031300010000002
82250000020046276020000000500125000000000000231380104                          031300010000001
5225Name on Account                     231380104 PPDVndr Pay        190816   1031300010000002
627231380104744-5678-99      0000500000location #1234 Best Co. #1           S 0031300010000001
627231380104744-5678-99      0000000125Fee #1         Best Co. #1           S 0031300010000002
82250000020046276020000000500125000000000000231380104                          031300010000002
9000002000001000000040092552040000001000250000000000000                                       
